@article{Boumans2016,
author = {Boumans, Jelle W. and Trilling, Damian},
doi = {10.1080/21670811.2015.1096598},
file = {:Users/damian/Dropbox/uva/literatuur-mendeley/Boumans, Trilling{\_}2016.pdf:pdf},
issn = {2167-0811},
journal = {Digital Journalism},
number = {1},
pages = {8--23},
title = {Taking stock of the toolkit: An overview of relevant autmated content analysis approaches and techniques for digital journalism scholars},
volume = {4},
year = {2016}
}
